@software{gwkokab2023github,
    author  = {Meesum Qazalbash, Muhammad Zeeshan, Richard O'Shaughnessy},
    title   = {{gwkokab}: A JAX-based gravitational-wave population inference},
    url     = {https://github.com/gwkokab/gwkokab},
    version = {0.0.3},
    year    = {2023}
}
